@book{dolgiy,
    author="Ю.Ф. Долгий, П.Г.Сурков",
    tittle={"Математические модели динамических систем с запаздыванием"},
    url="http://elar.urfu.ru/handle/10995/45629",
    year="2012"
    }
@article{Ruan,
    author="S.Ruan",
    title={"On nonlinear Dynamics of Predator-Prey Models with Discrete Delay"},
    series={Mathematical models natural phenomenos},
  year={1981},
    keywords="time delay, predator-prey model",
    year="2009"
}
@book{dirac,
  title={The Principles of Quantum Mechanics},
  author={Paul Adrien Maurice Dirac},
  isbn={9780198520115},
  series={International series of monographs on physics},
  year={1981},
  publisher={Clarendon Press},
  keywords = {physics}
}